@inproceedings{mlt,
  author    = {Veach, Eric and Guibas, Leonidas J.},
  title     = {Metropolis Light Transport},
  year      = {1997},
  isbn      = {0897918967},
  publisher = {ACM Press/Addison-Wesley Publishing Co.},
  address   = {USA},
  url       = {https://doi.org/10.1145/258734.258775},
  doi       = {10.1145/258734.258775},
  booktitle = {Proceedings of the 24th Annual Conference on Computer Graphics and Interactive Techniques},
  pages     = {65â€“76},
  numpages  = {12},
  keywords  = {variance reduction, radiative heat transfer, physically-based rendering, lighting simulation, global illumination, Monte Carlo integration, Metropolis-Hastings algorithm, Markov Chain Monte Carlo methods},
  series    = {SIGGRAPH '97}
}

@book{pbrt,
  title     = {Physically based rendering: From theory to implementation},
  author    = {Pharr, Matt and Jakob, Wenzel and Humphreys, Greg},
  year      = {2016},
  publisher = {Morgan Kaufmann}
}
